
@Manual{Rproject,
  title = {R: A Language and Environment for Statistical Computing},
  author = {{R Core Team}},
  organization = {R Foundation for Statistical Computing},
  address = {Vienna, Austria},
  year = {2018},
  url = {https://www.R-project.org/},
}


@article{Lotka,
  author =        {Lotka, A. J.},
  journal =       {Science},
  month =         jul,
  number =        {653},
  pages =         {21--22},
  title =         {{Relation Between Birth Rates and Death Rates}},
  volume =        {26},
  year =          {1907},
}

@book{
AndeMay91,
   Author = {Anderson, R. M. and May, R. M.},
   Title = {Infectious Diseases of Humans: Dynamics and Control},
   Publisher = {Oxford University Press},
   Address = {Oxford},
   Keywords = {SEIR; herd immunity; measles;  whooping cough; epidemiology},
   Year = {1991} 
}


@article{grabisch2011aggregation,
  title={Aggregation functions: means},
  author={Grabisch, M. and Marichal, J. and Mesiar, R. and Pap, E.},
  journal={Info Sci},
  volume={181},
  number={1},
  pages={1--22},
  year={2011},
  publisher={Elsevier}
}

@article{borwein1987way,
  title={The way of all means},
  author={Borwein, J. M. and Borwein, P. B.},
  journal={Am Math Monthly},
  volume={94},
  number={6},
  pages={519--522},
  year={1987},
  publisher={JSTOR}
}

@article{farnsworth1986gini,
  title={Gini means},
  author={Farnsworth, D. and Orr, R.},
  journal={Am Math Monthly},
  volume={93},
  number={8},
  pages={603--607},
  year={1986},
  publisher={JSTOR}
}

@article{farnsworth1988transformation,
  title={Transformation of power means and a new class of means},
  author={Farnsworth, D. and Orr, R.},
  journal={J Math Anal App},
  volume={129},
  number={2},
  pages={394--400},
  year={1988},
  publisher={Elsevier}
}

@book{kolmogorov1930notion,
  title={Sur la notion de la moyenne},
  author={Kolmogorov, A. N. and Castelnuovo, G.},
  year={1930},
  publisher={G. Bardi, tip. della R. Accad. dei Lincei}
}

@inproceedings{nagumo1930klasse,
  title={{\"U}ber eine klasse der mittelwerte},
  author={Nagumo, M.},
  booktitle={Japanese journal of mathematics: transactions and abstracts},
  volume={7},
  number={0},
  pages={71--79},
  year={1930},
  organization={The Mathematical Society of Japan}
}

@book{de1931sul,
  title={Sul concetto di media},
  author={De Finetti, B.},
  year={1931},
  publisher={Istituto italiano degli attuari}
}

@article{hong1983generalization,
  title={A generalization of the quasilinear mean with applications to the measurement of income inequality and decision theory resolving the Allais paradox},
  author={Hong, C. S.},
  journal={Econometrica: J Econ Soc},
  pages={1065--1092},
  year={1983},
  publisher={JSTOR}
}

@article{dublin1925true,
  title={On the true rate of natural increase: As exemplified by the population of the United States, 1920},
  author={Dublin, L. I. and Lotka, A. J.},
  journal={J Am Stat Assoc},
  volume={20},
  number={151},
  pages={305--339},
  year={1925},
  publisher={Taylor \& Francis Group}
}

@article{wearing2005appropriate,
  title={Appropriate models for the management of infectious diseases},
  author={Wearing, H. J. and Rohani, P. and Keeling, M. J.},
  journal={PLoS Med},
  volume={2},
  number={7},
  pages={e174},
  year={2005},
  publisher={Public Library of Science}
}

@article{tsallis1994numbers,
  title={What are the numbers that experiments provide},
  author={Tsallis, C.},
  journal={Quimica Nova},
  volume={17},
  number={6},
  pages={468--471},
  year={1994}
}

@article{anderson1982directly,
  title={Directly transmitted infections diseases: control by vaccination},
  author={Anderson, R. M. and May, R. M.},
  journal={Science},
  volume={215},
  number={4536},
  pages={1053--1060},
  year={1982},
  publisher={American Association for the Advancement of Science}
}

@article{heesterbeek1996concept,
  title={The concept of {$\mathcal{R}_0$} in epidemic theory},
  author={Heesterbeek, J. A. P. and Dietz, K.},
  journal={Stat Neerl},
  volume={50},
  number={1},
  pages={89--110},
  year={1996},
  publisher={Wiley Online Library}
}

@article{keeling1997disease,
  title={Disease extinction and community size: modeling the persistence of measles},
  author={Keeling, M. J. and Grenfell, B. T.},
  journal={Science},
  volume={275},
  number={5296},
  pages={65--67},
  year={1997},
  publisher={American Association for the Advancement of Science}
}

@article{simpson1952infectiousness,
  title={Infectiousness of communicable diseases in the household (measles, chickenpox, and mumps).},
  author={Simpson, R. E.},
  journal={Lancet},
  pages={549--54},
  year={1952}
}

@article{roberts2007model,
  title={Model-consistent estimation of the basic reproduction number from the incidence of an emerging infection},
  author={Roberts, M. G. and Heesterbeek, J. A. P.},
  journal={J Math Biol},
  volume={55},
  number={5-6},
  pages={803},
  year={2007},
  publisher={Springer}
}

@article{roberts2004modelling,
  title={Modelling strategies for minimizing the impact of an imported exotic infection},
  author={Roberts, M. G.},
  journal={Proc Biol Sci},
  volume={271},
  number={1555},
  pages={2411--2415},
  year={2004},
  publisher={The Royal Society}
}

@book{diekmann2000mathematical,
  title={Mathematical epidemiology of infectious diseases: model building, analysis and interpretation},
  author={Diekmann, O. and Heesterbeek, J. A. P.},
  volume={5},
  year={2000},
  publisher={John Wiley \& Sons}
}

@article{aldis2005integral,
  title={An integral equation model for the control of a smallpox outbreak},
  author={Aldis, G. K. and Roberts, M. G.},
  journal={Math Biosci},
  volume={195},
  number={1},
  pages={1--22},
  year={2005},
  publisher={Elsevier}
}

@article{anderson1980spread,
  title={On the spread of a disease with gamma distributed latent and infectious periods},
  author={Anderson, D. and Watson, R.},
  journal={Biometrika},
  volume={67},
  number={1},
  pages={191--198},
  year={1980},
  publisher={Oxford University Press}
}


@article{ferguson2005strategies,
  title={Strategies for containing an emerging influenza pandemic in {Southeast Asia}},
  author={Ferguson, N. M. and Cummings, D. A. T. and Cauchemez, S. and Fraser, C. and Riley, S. and Meeyai, A. and Iamsirithaworn, S. and Burke, D. S.},
  journal={Nature},
  volume={437},
  number={7056},
  pages={209},
  year={2005},
  publisher={Nature Publishing Group}
}

@article{pybus2001epidemic,
  title={The epidemic behavior of the hepatitis {C} virus},
  author={Pybus, O. G. and Charleston, M. A. and Gupta, S. and Rambaut, A. and Holmes, E. C. and Harvey, P. H.},
  journal={Science},
  volume={292},
  number={5525},
  pages={2323--2325},
  year={2001},
  publisher={American Association for the Advancement of Science}
}

@article{hampson2009transmission,
  title={Transmission dynamics and prospects for the elimination of canine rabies},
  author={Hampson, K. and Dushoff, J. and Cleaveland, S. and Haydon, D. T. and Kaare, M. and Packer, C. and Dobson, A.},
  journal={PLoS Biol},
  volume={7},
  number={3},
  pages={e1000053},
  year={2009},
  publisher={Public Library of Science}
}


@article{lipsitch2003transmission,
  title={Transmission dynamics and control of severe acute respiratory syndrome},
  author={Lipsitch, M. and Cohen, T. and Cooper, B. and Robins, J. M. and Ma, S. and James, L. and Gopalakrishna, G. and Chew, S. K. and Tan, C. C. and Samore, M. H. and Fisman, D. and Murray, M.},
  journal={Science},
  volume={300},
  number={5627},
  pages={1966--1970},
  year={2003},
  publisher={American Association for the Advancement of Science}
}


@article {RiveLofgren14,
author = {Rivers, C. M.  and Lofgren, E. T. and Marathe, M. and Eubank, S.and Lewis, B. L.},
year = {2014 Oct 16},
title = {{Modeling the impact of interventions on an epidemic of Ebola in Sierra Leone and Liberia.}},
journal = {PLoS Curr},
id = {10.1371/currents.outbreaks.fd38dd85078565450b0be3fcd78f5ccf [doi]},
volume = {6},
pages = {2014 Oct 16},
pmid = {25914859}}

@article{chowell2007comparative,
  title={Comparative estimation of the reproduction number for pandemic influenza from daily case notification data},
  author={Chowell, G. and Nishiura, H. and Bettencourt, L. M. A.},
  journal={J R Soc Interface},
  volume={4},
  number={12},
  pages={155--166},
  year={2007},
  publisher={The Royal Society}
}

@article{trichereau2012estimation,
  title={Estimation of the reproductive number for {A (H1N1)} pdm09 influenza among the French armed forces, {September} 2009--{March} 2010},
  author={Trichereau, J. and Verret, C. and Mayet, A. and Manet, G. and Decam, C. and Meynard, J. B. and Deparis, X. and Migliani, R.},
  journal={J Infect},
  volume={64},
  number={6},
  pages={628--630},
  year={2012},
  publisher={Elsevier}
}

@article{mcbryde2009early,
  title={Early transmission characteristics of influenza {A (H1N1)v} in {Australia}: {Victorian} state, 16 May--3 June 2009},
  author={McBryde, E. S. and Bergeri, I. and van Gemert, C. and Rotty, J. and Headley, E. J. and Simpson, K. and Lester, R. A. and Hellard, M. and Fielding, J. E.},
  journal={Euro Surveill},
  volume={14},
  number={42},
  pages={19363},
  year={2009},
  publisher={European Centre for Disease Prevention and Control}
}


@article{mccallum2009transmission,
  title={Transmission dynamics of {Tasmanian} devil facial tumor disease may lead to disease-induced extinction},
  author={McCallum, H. and Jones, M. and Hawkins, C. and Hamede, R. and Lachish, S. and Sinn, D. L. and Beeton, N. and Lazenby, B.},
  journal={Ecology},
  volume={90},
  number={12},
  pages={3379--3392},
  year={2009},
  publisher={Wiley Online Library}
}

@article{nishiura2015theoretical,
  title={Theoretical perspectives on the infectiousness of Ebola virus disease},
  author={Nishiura, H. and Chowell, G.},
  journal={Theor Biol Med Model},
  volume={12},
  number={1},
  pages={1},
  year={2015},
  publisher={BioMed Central}
}

@incollection{lloyd2009sensitivity,
  title={Sensitivity of model-based epidemiological parameter estimation to model assumptions},
  author={Lloyd, A. L.},
  booktitle={Mathematical and statistical estimation approaches in epidemiology},
  pages={123--141},
  year={2009},
  publisher={Springer}
}

@article{yan2008separate,
  title={Separate roles of the latent and infectious periods in shaping the relation between the basic reproduction number and the intrinsic growth rate of infectious disease outbreaks},
  author={Yan, P.},
  journal={J Theor Biol},
  volume={251},
  number={2},
  pages={238--252},
  year={2008},
  publisher={Elsevier}
}

@article{goldstein2018point,
  title={{Point of View: Are theoretical results `Results'?}},
  author={Goldstein, R. E.},
  journal={eLife},
  volume={7},
  pages={e40018},
  year={2018},
  publisher={eLife Sciences Publications Limited}
}

@article{shou2015theory,
  title={Theory, models and biology},
  author={Shou, W. and Bergstrom, C. T. and Chakraborty, A. K. and Skinner, F. K.},
  journal={eLife},
  volume={4},
  pages={e07158},
  year={2015},
  publisher={eLife Sciences Publications Limited}
}

@article{chowell2014transmission,
  title={Transmission dynamics and control of {Ebola} virus disease {(EVD)}: a review},
  author={Chowell, G. and Nishiura, H.},
  journal={BMC Med},
  volume={12},
  number={1},
  pages={196},
  year={2014},
  publisher={BioMed Central}
}

@article{krauer2016heterogeneity,
  title={Heterogeneity in district-level transmission of {Ebola} virus disease during the 2013-2015 epidemic in {West Africa}},
  author={Krauer, F. and Gsteiger, S. and Low, N. and Hansen, C. H. and Althaus, C. L.},
  journal={PLoS Negl Trop Dis},
  volume={10},
  number={7},
  pages={e0004867},
  year={2016},
  publisher={Public Library of Science}
}

@article{weitz2015modeling,
  title={Modeling post-death transmission of {Ebola}: Challenges for inference and opportunities for control},
  author={Weitz, J. S. and Dushoff, J.},
  journal={Sci Rep},
  volume={5},
  pages={8751},
  year={2015},
  publisher={Nature Publishing Group}
}

@article{taylor2016stochasticity,
  title={Stochasticity and the limits to confidence when estimating {R0} of {Ebola} and other emerging infectious diseases},
  author={Taylor, B. P. and Dushoff, J. and Weitz, J. S.},
  journal={J Theor Biol},
  volume={408},
  pages={145--154},
  year={2016},
  publisher={Elsevier}
}

@article{roberts2011early,
  title={Early estimation of the reproduction number in the presence of imported cases: pandemic influenza {H1N1}-2009 in New Zealand},
  author={Roberts, M. G. and Nishiura, H.},
  journal={PLoS One},
  volume={6},
  number={5},
  pages={e17835},
  year={2011},
  publisher={Public Library of Science}
}

@article{chowell2016characterizing,
  title={Characterizing the reproduction number of epidemics with early subexponential growth dynamics},
  author={Chowell, G. and Viboud, C. and Simonsen, L. and Moghadas, S. M.},
  journal={J R Soc Interface},
  volume={13},
  number={123},
  pages={20160659},
  year={2016},
  publisher={The Royal Society}
}

@article{viboud2016generalized,
  title={A generalized-growth model to characterize the early ascending phase of infectious disease outbreaks},
  author={Viboud, C. and Simonsen, L. and Chowell, G.},
  journal={Epidemics},
  volume={15},
  pages={27--37},
  year={2016},
  publisher={Elsevier}
}

@article{chowell2015western,
  title={The Western Africa ebola virus disease epidemic exhibits both global exponential and local polynomial growth rates},
  author={Chowell, G. and Viboud, C. and Hyman, J. M. and Simonsen, L.},
  journal={PLoS Curr},
  volume={7},
  year={2015},
  publisher={Public Library of Science}
}
