@article{roberts2007model,
  title={Model-consistent estimation of the basic reproduction number from the incidence of an emerging infection},
  author={Roberts, MG and Heesterbeek, JAP},
  journal={Journal of mathematical biology},
  volume={55},
  number={5-6},
  pages={803},
  year={2007},
  publisher={Springer}
}

@article{wallinga2007generation,
  title={How generation intervals shape the relationship between growth rates and reproductive numbers},
  author={Wallinga, Jacco and Lipsitch, Marc},
  journal={Proceedings of the Royal Society of London B: Biological Sciences},
  volume={274},
  number={1609},
  pages={599--604},
  year={2007},
  publisher={The Royal Society}
}

@article{wearing2005appropriate,
  title={Appropriate models for the management of infectious diseases},
  author={Wearing, Helen J and Rohani, Pejman and Keeling, Matt J},
  journal={PLoS Med},
  volume={2},
  number={7},
  pages={e174},
  year={2005},
  publisher={Public Library of Science}
}

@article{hampson2009transmission,
  title={Transmission dynamics and prospects for the elimination of canine rabies},
  author={Hampson, Katie and Dushoff, Jonathan and Cleaveland, Sarah and Haydon, Daniel T and Kaare, Magai and Packer, Craig and Dobson, Andy},
  journal={PLoS biology},
  volume={7},
  number={3},
  pages={e1000053},
  year={2009},
  publisher={Public Library of Science}
}

@book{anderson1992infectious,
  title={Infectious diseases of humans: dynamics and control},
  author={Anderson, Roy M and May, Robert M},
  year={1992},
  publisher={Oxford university press}
}

@article{lipsitch2003transmission,
  title={Transmission dynamics and control of severe acute respiratory syndrome},
  author={Lipsitch, Marc and Cohen, Ted and Cooper, Ben and Robins, James M and Ma, Stefan and James, Lyn and Gopalakrishna, Gowri and Chew, Suok Kai and Tan, Chorh Chuan and Samore, Matthew H and others},
  journal={Science},
  volume={300},
  number={5627},
  pages={1966--1970},
  year={2003},
  publisher={American Association for the Advancement of Science}
}

@article{pybus2001epidemic,
  title={The epidemic behavior of the hepatitis C virus},
  author={Pybus, Oliver G and Charleston, Michael A and Gupta, Sunetra and Rambaut, Andrew and Holmes, Edward C and Harvey, Paul H},
  journal={Science},
  volume={292},
  number={5525},
  pages={2323--2325},
  year={2001},
  publisher={American Association for the Advancement of Science}
}

@article{ferguson2005strategies,
  title={Strategies for containing an emerging influenza pandemic in Southeast Asia},
  author={Ferguson, Neil M and Cummings, Derek AT and Cauchemez, Simon and Fraser, Christophe and Riley, Steven and Meeyai, Aronrag and Iamsirithaworn, Sopon and Burke, Donald S},
  journal={Nature},
  volume={437},
  number={7056},
  pages={209},
  year={2005},
  publisher={Nature Publishing Group}
}

@article{chowell2007comparative,
  title={Comparative estimation of the reproduction number for pandemic influenza from daily case notification data},
  author={Chowell, Gerardo and Nishiura, Hiroshi and Bettencourt, Luis MA},
  journal={Journal of the Royal Society Interface},
  volume={4},
  number={12},
  pages={155--166},
  year={2007},
  publisher={The Royal Society}
}

@article{anderson1980spread,
  title={On the spread of a disease with gamma distributed latent and infectious periods},
  author={Anderson, Dorothy and Watson, RAY},
  journal={Biometrika},
  volume={67},
  number={1},
  pages={191--198},
  year={1980},
  publisher={Oxford University Press}
}


@article{Lotka,
  author =        {Lotka, Alfred J},
  journal =       {Science},
  month =         jul,
  number =        {653},
  pages =         {21--22},
  title =         {{Relation Between Birth Rates and Death Rates}},
  volume =        {26},
  year =          {1907},
}


@article{chowell2016characterizing,
  title={Characterizing the reproduction number of epidemics with early subexponential growth dynamics},
  author={Chowell, Gerardo and Viboud, C{\'e}cile and Simonsen, Lone and Moghadas, Seyed M},
  journal={Journal of The Royal Society Interface},
  volume={13},
  number={123},
  pages={20160659},
  year={2016},
  publisher={The Royal Society}
}

@article{nishiura2010correcting,
  title={Correcting the actual reproduction number: a simple method to estimate R0 from early epidemic growth data},
  author={Nishiura, Hiroshi},
  journal={International journal of environmental research and public health},
  volume={7},
  number={1},
  pages={291--302},
  year={2010},
  publisher={Molecular Diversity Preservation International}
}