@article {KingDome15,
author = {King, A. A.  and Domenech dCM and Magpantay, F. M. G.  and Rohani, P.},
year = {2015},
title = {{Avoidable errors in the modelling of outbreaks of emerging pathogens, with special reference to Ebola}},
journal = {Proceedings of the Royal Society B: Biological Sciences},
id = {},
volume = {282},
pages = {2015},
pmid = {}}

@article {Alth14,
author = {Althaus, C. L.},
year = {2014 Sep 02},
title = {{Estimating the Reproduction Number of Ebola Virus (EBOV) During the 2014 Outbreak in West Africa.}},
journal = {PLoS Curr},
id = {10.1371/currents.outbreaks.91afb5e0f279e7f29e7056095255b288 [doi]},
volume = {6},
pages = {2014 Sep 02},
pmid = {25642364}}

@article {AndeMay82,
author = {Anderson, R. M.  and May, R. M.},
year = {1982 Feb 26},
title = {{Directly transmitted infections diseases: control by vaccination.}},
journal = {Science},
id = {},
volume = {215},
pages = {1053-60},
pmid = {7063839}}

@article {LessReic09,
author = {Lessler, J.  and Reich, N. G.  and Brookmeyer, R.  and Perl, T. M.  and Nelson, K. E.  and Cummings, D. A. T.},
year = {2009 May},
title = {{Incubation periods of acute respiratory viral infections: a systematic review.}},
journal = {Lancet Infect Dis},
id = {S1473-3099(09)70069-6 [pii] #AND# 10.1016/S1473-3099(09)70069-6 [doi]},
volume = {9},
pages = {291-300},
pmid = {19393959}}

@article {Lloy01,
author = {Lloyd, A. L.},
year = {2001 Aug},
title = {{Realistic distributions of infectious periods in epidemic models: changing patterns of persistence and dynamics.}},
journal = {Theor Popul Biol},
id = {10.1006/tpbi.2001.1525 [doi] #AND# S0040-5809(01)91525-4 [pii]},
volume = {60},
pages = {59-71},
pmid = {11589638}}

@article {MillRobi04,
author = {Mills, C. E.  and Robins, J. M.  and Lipsitch, M.},
year = {2004 Dec 16},
title = {{Transmissibility of 1918 pandemic influenza.}},
journal = {Nature},
id = {nature03063 [pii] #AND# 10.1038/nature03063 [doi]},
volume = {432},
pages = {904-6},
pmid = {15602562}}

@article {KEND48,
author = {KENDALL, D. G.},
year = {1948},
title = {{ON THE ROLE OF VARIABLE GENERATION TIME IN THE DEVELOPMENT OF A STOCHASTIC BIRTH PROCESS}},
journal = {Biometrika},
id = {},
volume = {35},
pages = {1948},
pmid = {}}

@article {TaylDush16,
author = {Taylor, B. P.  and Dushoff, J.  and Weitz, J. S.},
year = {2016 Nov 07},
title = {{Stochasticity and the limits to confidence when estimating R0 of Ebola and other emerging infectious diseases.}},
journal = {J Theor Biol},
id = {S0022-5193(16)30246-6 [pii] #AND# 10.1016/j.jtbi.2016.08.016 [doi]},
volume = {408},
pages = {145-54},
pmid = {27524644}}

@article {Nish10,
author = {Nishiura, H.},
year = {2010},
title = {{Time variations in the generation time of an infectious disease: Implications for sampling to appropriately quantify transmission potential}},
journal = {Mathematical Biosciences and Engineering},
id = {},
volume = {7},
pages = {2010},
pmid = {}}

@article {Sche84,
author = {Schenzle, D.},
year = {1984},
title = {{An age-structured model of pre- and post-vaccination measles transmission.}},
journal = {IMA J Math Appl Med Biol},
id = {},
volume = {1},
pages = {169-91},
pmid = {6600102}}

@article {Sven15,
author = {Svensson, A.},
year = {2015 Dec},
title = {{The influence of assumptions on generation time distributions in epidemic models.}},
journal = {Math Biosci},
id = {S0025-5564(15)00212-6 [pii] #AND# 10.1016/j.mbs.2015.10.006 [doi]},
volume = {270},
pages = {81-9},
pmid = {26477379}}

@article {KlinNish11,
author = {Klinkenberg, D.  and Nishiura, H.},
year = {2011},
title = {{The correlation between infectivity and incubation period of measles, estimated from households with two cases}},
journal = {Journal of Theoretical Biology},
id = {},
volume = {284},
pages = {2011},
pmid = {}}

@article {KrylEarn13,
author = {Krylova, O.  and Earn, D. J. D.},
year = {2013 Jul 06},
title = {{Effects of the infectious period distribution on predicted transitions in childhood disease dynamics.}},
journal = {J R Soc Interface},
id = {rsif.2013.0098 [pii] #AND# 10.1098/rsif.2013.0098 [doi]},
volume = {10},
pages = {20130098},
pmid = {23676892}}

@article {MaJDush14,
author = {Ma, J.  and Dushoff, J.  and Bolker, B. M.  and Earn, D. J. D.},
year = {2014 Jan},
title = {{Estimating initial epidemic growth rates.}},
journal = {Bull Math Biol},
id = {10.1007/s11538-013-9918-2 [doi]},
volume = {76},
pages = {245-60},
pmid = {24272389}}

@article {ScalSven10,
author = {Scalia TG and Svensson,  and Asikainen, T.  and Giesecke, J.},
year = {2010},
title = {{Some model based considerations on observing generation times for communicable diseases}},
journal = {Mathematical Biosciences},
id = {},
volume = {223},
pages = {2010},
pmid = {}}

@article {WeitDush15,
author = {Weitz, J. S.  and Dushoff, J.},
year = {2015 Mar 04},
title = {{Modeling post-death transmission of Ebola: challenges for inference and opportunities for control.}},
journal = {Sci Rep},
id = {srep08751 [pii] #AND# 10.1038/srep08751 [doi]},
volume = {5},
pages = {8751},
pmid = {25736239}}

@article {Wallvan10,
author = {Wallinga, J.  and van Boven, M.  and Lipsitch, M.},
year = {2010 Jan 12},
title = {{Optimizing infectious disease interventions during an emerging epidemic.}},
journal = {Proc Natl Acad Sci U S A},
id = {0908491107 [pii] #AND# 10.1073/pnas.0908491107 [doi]},
volume = {107},
pages = {923-8},
pmid = {20080777}}

@article {HampDush09,
author = {Hampson, K.  and Dushoff, J.  and Cleaveland, S.  and Haydon, D. T.  and Kaare, M.  and Packer, C.  and Dobson, A.},
year = {2009 Mar 10},
title = {{Transmission dynamics and prospects for the elimination of canine rabies.}},
journal = {PLoS Biol},
id = {08-PLBI-RA-2505 [pii] #AND# 10.1371/journal.pbio.1000053 [doi]},
volume = {7},
pages = {e53},
pmid = {19278295}}

@article {Sven07,
author = {Svensson, A.},
year = {2007 Jul},
title = {{A note on generation times in epidemic models.}},
journal = {Math Biosci},
id = {S0025-5564(06)00209-4 [pii] #AND# 10.1016/j.mbs.2006.10.010 [doi]},
volume = {208},
pages = {300-11},
pmid = {17174352}}

@article {ChamDush15,
author = {Champredon, D.  and Dushoff, J.},
year = {2015 Dec 22},
title = {{Intrinsic and realized generation intervals in infectious-disease transmission.}},
journal = {Proc Biol Sci},
id = {rspb.2015.2026 [pii] #AND# 10.1098/rspb.2015.2026 [doi]},
volume = {282},
pages = {20152026},
pmid = {26674948}}

@article {NishCast09,
author = {Nishiura, H.  and Castillo-Chavez, C.  and Safan, M.  and Chowell, G.},
year = {2009 Jun 04},
title = {{Transmission potential of the new influenza A(H1N1) virus and its age-specificity in Japan.}},
journal = {Euro Surveill},
id = {},
volume = {14},
pages = {2009 Jun 04},
pmid = {19497256}}

@article {ANDEWATS80,
author = {ANDERSON, D.  and WATSON, R.},
year = {1980},
title = {{On the spread of a disease with gamma distributed latent and infectious periods}},
journal = {Biometrika},
id = {},
volume = {67},
pages = {1980},
pmid = {}}

@article {AylwBarb14,
author = {Aylward, B.  and Barboza, P.  and Bawo, L.  and Bertherat, E.  and Bilivogui, P.  and Blake, I.  and Brennan, R.  and Briand, S.  and Chakauya, J. M.  and Chitala, K.  and Conteh, R. M.  and Cori, A.  and Croisier, A.  and Dangou, J. M.  and Diallo, B.  and Donnelly, C. A.  and Dye, C.  and Eckmanns, T.  and Ferguson, N. M.  and Formenty, P.  and Fuhrer, C.  and Fukuda, K.  and Garske, T.  and Gasasira, A.  and Gbanyan, S.  and Graaff, P.  and Heleze, E.  and Jambai, A.  and Jombart, T.  and Kasolo, F.  and Kadiobo, A. M.  and Keita, S.  and Kertesz, D.  and Kone, M.  and Lane, C.  and Markoff, J.  and Massaquoi, M.  and Mills, H.  and Mulba, J. M.  and Musa, E.  and Myhre, J.  and Nasidi, A.  and Nilles, E.  and Nouvellet, P.  and Nshimirimana, D.  and Nuttall, I.  and Nyenswah, T.  and Olu, O.  and Pendergast, S.  and Perea, W.  and Polonsky, J.  and Riley, S.  and Ronveaux, O.  and Sakoba, K.  and Santhana Gopala Krishnan, R.  and Senga, M.  and Shuaib, F.  and Van Kerkhove, M. D.  and Vaz, R.  and Wijekoon Kannangarage, N.  and Yoti, Z.},
year = {2014 Oct 16},
title = {{Ebola virus disease in West Africa--the first 9 months of the epidemic and forward projections.}},
journal = {N Engl J Med},
id = {10.1056/NEJMoa1411100 [doi]},
volume = {371},
pages = {1481-95},
pmid = {25244186}}

@article {WallLips07,
author = {Wallinga, J.  and Lipsitch, M.},
year = {2007 Feb 22},
title = {{How generation intervals shape the relationship between growth rates and reproductive numbers.}},
journal = {Proc Biol Sci},
id = {},
volume = {274},
pages = {599-604},
pmid = {17476782}}

@article {DiekHees90,
author = {Diekmann, O.  and Heesterbeek, J. A.  and Metz, J. A.},
year = {1990},
title = {{On the definition and the computation of the basic reproduction ratio R0 in models for infectious diseases in heterogeneous populations.}},
journal = {J Math Biol},
id = {},
volume = {28},
pages = {365-82},
pmid = {2117040}}

@article {WearRoha05,
author = {Wearing, H. J.  and Rohani, P.  and Keeling, M. J.},
year = {2005 Jul},
title = {{Appropriate models for the management of infectious diseases.}},
journal = {PLoS Med},
id = {04-PLME-RA-0310R2 [pii] #AND# 10.1371/journal.pmed.0020174 [doi]},
volume = {2},
pages = {e174},
pmid = {16013892}}

